<record><leader>00000cas a22000007a 4500</leader><controlfield tag="001">11189311</controlfield><controlfield tag="008">840924c198u9999ctusr n       0   a0eng d</controlfield><datafield ind1=" " ind2=" " tag="010"><subfield code="a">sn 84007063 </subfield></datafield><datafield ind1=" " ind2=" " tag="040"><subfield code="a">NSD</subfield><subfield code="b">eng</subfield><subfield code="c">NSD</subfield><subfield code="d">CNW</subfield><subfield code="d">OCLCQ</subfield></datafield><datafield ind1=" " ind2=" " tag="012"><subfield code="m">1</subfield></datafield><datafield ind1="1" ind2=" " tag="022"><subfield code="a">8750-2550</subfield><subfield code="l">8750-2550</subfield><subfield code="2">1</subfield></datafield><datafield ind1=" " ind2=" " tag="032"><subfield code="a">726510</subfield><subfield code="b">USPS</subfield></datafield><datafield ind1=" " ind2=" " tag="037"><subfield code="b">Commercial News and Media Corp., PO Box 4430, Stamford, CT 06907</subfield></datafield><datafield ind1=" " ind2=" " tag="042"><subfield code="a">nsdp</subfield></datafield><datafield ind1=" " ind2="4" tag="050"><subfield code="a">K9</subfield><subfield code="b">.N8791</subfield></datafield><datafield ind1=" " ind2="0" tag="222"><subfield code="a">Intercorp</subfield></datafield><datafield ind1="0" ind2="0" tag="245"><subfield code="a">Intercorp.</subfield></datafield><datafield ind1=" " ind2=" " tag="260"><subfield code="a">Stamford, Conn. :</subfield><subfield code="b">[Commercial News and Media Corp.]</subfield></datafield><datafield ind1=" " ind2=" " tag="310"><subfield code="a">Semimonthly</subfield></datafield><datafield ind1=" " ind2=" " tag="588"><subfield code="a">Description based on: Vol. 3, no. 15 (Aug. 15, 1984); title from caption.</subfield></datafield><datafield ind1=" " ind2=" " tag="936"><subfield code="a">Aug. 29, 1984</subfield></datafield><datafield ind1="1" ind2=" " tag="029"><subfield code="a">AU@</subfield><subfield code="b">000025806717</subfield></datafield></record>